@article{1804.07574,
Author = {Joseph Scola and Bruno Berini and Yves Dumont and Pavan Nukala and Brahim Dkhil},
Title = {Redox reaction enhanced Schottky contact at a LaNiO$_3$(001)/Al interface},
Year = {2018},
Journal = {arXiv:1804.07574},
}

@article{sene2017,
Author = {Sene, Saad and Marcos-Almaraz, M. Teresa and Menguy, Nicolas and
	Scola, Joseph and Volatron, Jeanne and Rouland, Richard and Grenèche, Jean-Marc and
	Miraux, Sylvain and Menet, Clotilde and Guillou, Nathalie and Gazeau, Florence and
	Serre, Christian and Horcajada, Patricia and Steunou, Nathalie},
Title = {Maghemite-nanoMIL-100(Fe) Bimodal Nanovector as a Platform for Image-Guided Therapy},
Journal = {Chem},
Year = {2017},
Volume = {3},
Number = {2},
DOI = {10.1016/j.chempr.2017.06.007},
pages = {303-322},	
ISSN = {2451-9294},
Publisher = {Elsevier},
}
  	
@article{scola2017,
  author={J Scola and A Benamar and B Berini and F Jomard and Y Dumont},
  title={Direct measurement of oxygen stoichiometry in perovskite films},
  journal={Journal of Physics D: Applied Physics},
  volume={50},
  number={4},
  pages={045302},
  url={http://stacks.iop.org/0022-3727/50/i=4/a=045302},
  year={2017},
  abstract={We present a direct method to measure the oxygen stoichiometry in an oxide film with an accuracy of about 2%. It is based on a combination of 18 O annealing and high mass resolution secondary ion mass spectroscopy. Calibration has been done on a LaNiO 3 film whose electrical properties dependence on oxygen stoichiometry are well documented. The method is illustrated with a series of LaNiO 3 films grown on SrTiO 3 substrates prepared with different oxygen stoichiometries. The large influence of the surface state on oxygen exchange is evidenced in films grown on different substrate orientations or coated with a thin layer of LaAlO 3 . Oxygen surface exchange and bulk diffusion is then discussed for both LaNiO 3 and SrVO 3 films.}
}

@article{Scola2015,
Author = {Scola, J. and Tassart, X. and Vilar, C. and Jomard, F. and Dumas, E. and
   Veniaminova, Y. and Boullay, P. and Gascoin, S.},
Title = {{Microstructure and electrical resistance evolution during sintering of a
   Ag nanoparticle paste}},
Journal = {{JOURNAL OF PHYSICS D-APPLIED PHYSICS}},
Year = {{2015}},
Volume = {{48}},
Number = {{14}},
Month = {{APR 15}},
DOI = {{10.1088/0022-3727/48/14/145302}},
Article-Number = {{145302}},
ISSN = {{0022-3727}},
EISSN = {{1361-6463}},
Unique-ID = {{ISI:000351857100007}},
}

@article {wright2014,
author = {Wright, Karen and d'Aboville, Edouard and Scola, Joseph and Margola, Tommaso and Toffoletti, Antonio and De Zotti, Marta and Crisma, Marco and Formaggio, Fernando and Toniolo, Claudio},
title = {A Quaternary Nitronyl Nitroxide a-Amino Acid: Synthesis, Configurational and Conformational Assignments, and Physicochemical Properties},
journal = {European Journal of Organic Chemistry},
volume = {2014},
number = {8},
publisher = {WILEY-VCH Verlag},
issn = {1099-0690},
url = {http://dx.doi.org/10.1002/ejoc.201301765},
doi = {10.1002/ejoc.201301765},
pages = {1741--1752},
keywords = {Sensors, EPR spectroscopy, Magnetic properties, Amino acids, Peptides­, Protein modifications, Protein folding},
year = {2014},
}

@article{Hamie2012115,
title = "Investigation of high quality magnetite thin films grown on SrTiO3(001) substrates by pulsed laser deposition ",
journal = "Thin Solid Films ",
volume = "525",
number = "0",
pages = "115 - 120",
year = "2012",
note = "",
issn = "0040-6090",
doi = "http://dx.doi.org/10.1016/j.tsf.2012.10.076",
url = "http://www.sciencedirect.com/science/article/pii/S0040609012013466",
author = "A. Hamie and Y. Dumont and E. Popova and A. Fouchet and B. Warot-Fonrose and C. Gatel and E. Chikoidze and J. Scola and B. Berini and N. Keller",
keywords = "Magnetite",
keywords = "Thin films",
keywords = "Magnetic oxide",
keywords = "Spintronics devices "
}

@article{ ISI:000311968400074,
Author = {Popova, Elena and Magdenko, Liubov and Niedoba, Halina and Deb, Marwan
   and Dagens, Beatrice and Berini, Bruno and Vanwolleghem, Mathias and
   Vilar, Christele and Gendron, Francois and Fouchet, Arnaud and Scola,
   Joseph and Dumont, Yves and Guyot, Marcel and Keller, Niels},
Title = {{Magnetic properties of the magnetophotonic crystal based on bismuth iron
   garnet}},
Journal = {{JOURNAL OF APPLIED PHYSICS}},
Year = {{2012}},
Volume = {{112}},
}


@article{ ISI:000308091500469,
Author = {Wright, K. and Scola, J. and Toffoletti, A. and Formaggio, F. and
   Toniolo, C.},
Title = {{Synthesis and preliminary characterisation of a nitronyl nitroxide
   alpha-amino acid}},
Journal = {{JOURNAL OF PEPTIDE SCIENCE}},
Year = {{2012}},
Volume = {{18}},
Number = {{1}},
Pages = {{S186-S187}},
}


@article{ ISI:000301729200091,
Author = {Berini, B. and Fouchet, A. and Popova, E. and Scola, J. and Dumont, Y.
   and Franco, N. and da Silva, R. M. C. and Keller, N.},
Title = {{High temperature phase transitions and critical exponents of Samarium
   orthoferrite determined by in situ optical ellipsometry}},
Journal = {{JOURNAL OF APPLIED PHYSICS}},
Year = {{2012}},
Volume = {{111}},
Number = {{5}},
}


@article{ ISI:000300459200039,
Author = {Berini, Bruno and Mistrik, Jan and Dumont, Yves and Popova, Elena and
   Fouchet, Arnaud and Scola, Joseph and Keller, Niels},
Title = {{Pulsed laser deposition and optical characterizations of the magnetic
   samarium orthoferrite}},
Journal = {{THIN SOLID FILMS}},
Year = {{2012}},
Volume = {{520}},
Number = {{6}},
Pages = {{1890-1894}},
}


@article{PhysRevB.84.104429,
  journal = {Phys. Rev. B},
  numpages = {6},
  month = {Sep},
  doi = {10.1103/PhysRevB.84.104429},
  issue = {10},
  author = {Scola, J. and Dumont, Y. and Keller, N. and Vall\'ee, M. and Caputo, J.-G. and Sheikin, I. and Lejay, P. and Pautrat, A.},
  title = {Incomplete spin reorientation in yttrium orthoferrite},
  year = {2011},
  url = {http://link.aps.org/doi/10.1103/PhysRevB.84.104429},
  publisher = {American Physical Society},
  pages = {104429},
  volume = {84}
}


@article{JAP.110.043928,
Author = {Scola, J. and Boullay, P. and Noun, W. and Popova, E. and Dumont, Y. and
   Fouchet, A. and Keller, N.},
Title = {{Microstructure and self-exchange coupling in a YFeO$_3$ film}},
Journal = {{JOURNAL OF APPLIED PHYSICS}},
Year = {{2011}},
Volume = {{110}},
Number = {{4}},
Month = {{AUG 15}},
DOI = {{10.1063/1.3626749}},
pages = {{043928}},
ISSN = {{0021-8979}},
Unique-ID = {{ISI:000294484300114}},
}


@article{JAP.108.093710,
Author = {Hamie, A. and Dumont, Y. and Popova, E. and Scola, J. and Fouchet, A.
   and Berini, B. and Keller, N.},
Title = {{Structural, optical, and magnetic properties of the ferromagnetic
   semiconductor hematite-ilmenite Fe$_{2-x}$Ti$_x$O$_{3-\delta}$ thin films on SrTiO$_3$(001) prepared by pulsed laser deposition}},
Journal = {{JOURNAL OF APPLIED PHYSICS}},
Year = {{2010}},
Volume = {{108}},
Number = {{9}},
Month = {{NOV 1}},
DOI = {{10.1063/1.3501104}},
pages = {{093710}},
ISSN = {{0021-8979}},
Unique-ID = {{ISI:000284270900066}},
}


@article{ISI:000275746100154,
Author = {Polovy, H. and Guerrero, R. and Scola, J. and Pannetier-Lecoeur, M. and
   Fermon, C. and Feng, G. and Fahy, K. and Cardoso, S. and Almeida, J. and
   Freitas, P. P.},
Title = {{Noise of MgO-based magnetic tunnel junctions}},
Journal = {{JOURNAL OF MAGNETISM AND MAGNETIC MATERIALS}},
Year = {{2010}},
Volume = {{322}},
Number = {{9-12}},
Pages = {{1624-1627}},
Month = {{MAY-JUN}},
Note = {{4th Joint European Magnetic Symposia (JEMS 08), Dublin, IRELAND, SEP
   14-19, 2008}},
Organization = {{Sci Fdn Ireland}},
DOI = {{10.1016/j.jmmm.2009.05.060}},
ISSN = {{0304-8853}},
Unique-ID = {{ISI:000275746100154}},
}


@article{PhysRevB.81.174409,
  journal = {Phys. Rev. B},
  numpages = {9},
  month = {May},
  doi = {10.1103/PhysRevB.81.174409},
  issue = {17},
  author = {Scola, J. and Noun, W. and Popova, E. and Fouchet, A. and Dumont, Y. and Keller, N. and Lejay, P. and Sheikin, I. and Demuer, A. and Pautrat, A.},
  title = {Spin reorientation induced by a very high magnetic field in domain-structured YFeO$_{3}$ films: Emergence of perpendicular anisotropy},
  year = {2010},
  url = {http://link.aps.org/doi/10.1103/PhysRevB.81.174409},
  publisher = {American Physical Society},
  pages = {174409},
  volume = {81}
}


@article{PhysRevB.79.024507,
  journal = {Phys. Rev. B},
  numpages = {5},
  month = {Jan},
  doi = {10.1103/PhysRevB.79.024507},
  issue = {2},
  author = {Pautrat, Alain and Scola, Joseph},
  title = {Narrow-band noise due to the moving vortex lattice in superconducting niobium},
  year = {2009},
  url = {http://link.aps.org/doi/10.1103/PhysRevB.79.024507},
  publisher = {American Physical Society},
  pages = {024507},
  volume = {79}
}


@article{ISI:000254194400054,
Author = {Dyvorne, H. and Scola, J. and Fermon, C. and Jacquinot, J. F. and
   Pannetier-Lecoeur, M.},
Title = {{Flux transformers made of commercial high critical temperature
   superconducting wires}},
Journal = {{REVIEW OF SCIENTIFIC INSTRUMENTS}},
Year = {{2008}},
Volume = {{79}},
Number = {{2, Part 1}},
Month = {{FEB}},
DOI = {{10.1063/1.2885610}},
pages = {025107},
ISSN = {{0034-6748}},
Unique-ID = {{ISI:000254194400054}},
}


@article{ISI:000247468900049,
Author = {Scola, J. and Polovy, H. and Fermon, C. and Pannetier-Lecoeur, M. and
   Feng, G. and Fahy, K. and Coey, J. M. D.},
Title = {{Noise in MgO barrier magnetic tunnel junctions with CoFeB electrodes:
   Influence of annealing temperature}},
Journal = {{APPLIED PHYSICS LETTERS}},
Year = {{2007}},
Volume = {{90}},
Number = {{25}},
Month = {{JUN 18}},
DOI = {{10.1063/1.2749433}},
pages = {{252501}},
ISSN = {{0003-6951}},
Unique-ID = {{ISI:000247468900049}},
}

@article{ISI:000248442200122,
Author = {Pannetier-Lecoeur, M. and Fermon, C. and Biziere, N. and Scola, J. and
   Walliang, A. L.},
Title = {{RF response of superconducting-GMR mixed sensors, application to NQR}},
Journal = {{IEEE TRANSACTIONS ON APPLIED SUPERCONDUCTIVITY}},
Year = {{2007}},
Volume = {{17}},
Number = {{2, Part 1}},
Pages = {{598-601}},
Month = {{JUN}},
Note = {{Applied Superconductivity Conference 2006, Seattle, WA, AUG 27-SEP 01,
   2006}},
Organization = {{Amer Superconductor Corp; Univ Wiscosin-Madison, Appl Superconduct Ctr;
   Florida State Univ, Field Lab; Appl Superconduct Conf Inc; AYI WAH
   ChANG; Boeing Co; CCAS; Coalit Commercial Applicat Superconductors;
   Cryogen Ltd; Univ Cambridge, Dept Mat Sci \& Metallurgy, Device Mat Grp;
   GE Global Res Ctr; Electromagnet \& Superconduct Lab; IEEE Coucil
   Superconduct; Univ Cambridge, IRC Superconduct; Oxford Instruments;
   Superconductor Sci \& Technol; Inst Phys Publ; SuperPower Inc; Univ
   Houston, TcSUH}},
DOI = {{10.1109/TASC.2007.898056}},
ISSN = {{1051-8223}},
Unique-ID = {{ISI:000248442200122}},
}

@inproceedings{ISI:000249049500060,
Author = {Scola, J. and Polovy, H. and Fermon, C. and Pannetier-Lecoeur, M. and
   Feng, G. and Fahy, K. and Coey, J. M. D.},
Editor = {{Tacano, M and Yamamoto, Y and Nakao, M}},
Title = {{Low-frequency noise in CoFeB/MgO/CoFeB magnetic tunnel junctions}},
Booktitle = {{Noise and Fluctuations}},
Series = {{AIP CONFERENCE PROCEEDINGS}},
Year = {{2007}},
Volume = {{922}},
Pages = {{289-293}},
Note = {{19th International Conference on Noise and Fluctuations, Tokyo, JAPAN,
   SEP 09-14, 2007}},
Organization = {{Japanese Assoc Sci, Art \& Technol Fluctuat; IEEE Electron Devices Soc;
   Meisei Univ, Frontier Res Ctr Global Environm Sci; Aihara Complex
   Modeling Project, ERATO, JST}},
ISSN = {{0094-243X}},
ISBN = {{978-0-7354-0432-8}},
Unique-ID = {{ISI:000249049500060}},
}

@article{ISI:000240836700008,
Author = {Scola, J. and Pautrat, A. and Coupil, C. and Simon, Ch. and Domenges, B.
   and Villard, C.},
Title = {{New insight into the fluctuations of the moving vortex lattice:
   Non-Gaussian noise and Levy flights}},
Journal = {{FLUCTUATION AND NOISE LETTERS}},
Year = {{2006}},
Volume = {{6}},
Number = {{3}},
Pages = {{L287-L295}},
Month = {{SEP}},
DOI = {{10.1142/S0219477506003422}},
ISSN = {{0219-4775}},
Unique-ID = {{ISI:000240836700008}},
}

@article{PhysRevB.73.024508,
  journal = {Phys. Rev. B},
  numpages = {7},
  month = {Jan},
  doi = {10.1103/PhysRevB.73.024508},
  issue = {2},
  author = {Scola, J. and Pautrat, A. and Goupil, C. and Simon, Ch.},
  title = {Experimental study of the correlation length of critical-current fluctuations in the presence of surface disorder: Probing vortex long-range interactions},
  year = {2006},
  url = {http://link.aps.org/doi/10.1103/PhysRevB.73.024508},
  publisher = {American Physical Society},
  pages = {024508},
  volume = {73}
}

@article{ISI:000235042300007,
Author = {Simon, C and Pautrat, A and Goupil, C and Scola, J and Mathieu, P and
   Brulet, A and Ruyter, A and Higgins, MJ and Bhattacharya, S and Plessis,
   D},
Title = {{Why pinning by surface irregularities can explain the peak effect in
   transport properties and neutron diffraction results in NbSe2 and
   Bi-2212 crystals?}},
Journal = {{PRAMANA-JOURNAL OF PHYSICS}},
Year = {{2006}},
Volume = {{66}},
Number = {{1, SI}},
Pages = {{83-97}},
Month = {{JAN}},
Note = {{10th International Vortex Workshop, Mumbai, INDIA, JAN 09-14, 2005}},
DOI = {{10.1007/BF02704939}},
ISSN = {{0304-4289}},
Unique-ID = {{ISI:000235042300007}},
}

@inproceedings{ISI:000242215600017,
Author = {Fermon, C. and Jacquinot, J. F. and Pannetier-Lecoeur, M. and Scola, J.
   and Waillang, A. L.},
Editor = {{Schurbert, H and RimskiKorsakov, A}},
Title = {{N-14 NQR detection of explosives}},
Booktitle = {{Stand-Off Detection of Suicide Bombers and Mobile Subjects}},
Series = {{NATO SECURITY THROUGH SCIENCE SERIES B: PHYSICS AND BIOPHYSICS}},
Year = {{2006}},
Pages = {{145-150}},
Note = {{NATO Advanced Research Workshop on Stand-Off Detection of Suicide
   Bombers and Mobile Subjects, Pfinztal, GERMANY, DEC 13-14, 2005}},
Organization = {{NATO}},
DOI = {{10.1007/1-4020-5159-X\_17}},
ISBN = {{1-4020-5157-3}},
Unique-ID = {{ISI:000242215600017}},
}


@article{PhysRevB.72.012507,
  journal = {Phys. Rev. B},
  numpages = {4},
  month = {Jul},
  doi = {10.1103/PhysRevB.72.012507},
  issue = {1},
  author = {Scola, J. and Pautrat, A. and Goupil, C. and M\'echin, L. and Hardy, V. and Simon, Ch.},
  title = {Voltage noise and surface current fluctuations in the superconducting surface sheath},
  year = {2005},
  url = {http://link.aps.org/doi/10.1103/PhysRevB.72.012507},
  publisher = {American Physical Society},
  pages = {012507},
  volume = {72}
}

@article{PhysRevB.71.104507,
  journal = {Phys. Rev. B},
  numpages = {6},
  month = {Mar},
  doi = {10.1103/PhysRevB.71.104507},
  issue = {10},
  author = {Scola, J. and Pautrat, A. and Goupil, C. and Simon, Ch.},
  title = {Longitudinal and transverse noise in a moving vortex lattice},
  year = {2005},
  url = {http://link.aps.org/doi/10.1103/PhysRevB.71.104507},
  publisher = {American Physical Society},
  pages = {104507},
  volume = {71}
}


@article{PhysRevB.71.064517,
  journal = {Phys. Rev. B},
  numpages = {6},
  month = {Feb},
  doi = {10.1103/PhysRevB.71.064517},
  issue = {6},
  author = {Pautrat, A. and Scola, J. and Simon, Ch. and Mathieu, P. and Br\^ulet, A. and Goupil, C. and Higgins, M. J. and Bhattacharya, S.},
  title = {Metastable states of a flux-line lattice studied by transport and small-angle neutron scattering},
  year = {2005},
  url = {http://link.aps.org/doi/10.1103/PhysRevB.71.064517},
  publisher = {American Physical Society},
  pages = {064517},
  volume = {71}
}


@article{ISI:000227645300005,
Author = {Pautrat, A and Simon, C and Scola, J and Goupil, C and Ruyter, A and
   Ammor, L and Thopart, P and Plessis, D},
Title = {{On voltage-current characteristics and critical current in Bi-2212}},
Journal = {{EUROPEAN PHYSICAL JOURNAL B}},
Year = {{2005}},
Volume = {{43}},
Number = {{1}},
Pages = {{39-45}},
Month = {{JAN}},
DOI = {{10.1140/epjb/e2005-00025-7}},
ISSN = {{1434-6028}},
Unique-ID = {{ISI:000227645300005}},
}


@article{PhysRevB.69.224504,
  journal = {Phys. Rev. B},
  numpages = {5},
  month = {Jun},
  doi = {10.1103/PhysRevB.69.224504},
  issue = {22},
  author = {Pautrat, A. and Scola, J. and Goupil, C. and Simon, Ch. and Villard, C. and Domeng\`es, B. and Simon, Y. and Guilpin, C. and M\'echin, L.},
  title = {Quantitative analysis of the critical current due to vortex pinning by surface corrugation},
  year = {2004},
  url = {http://link.aps.org/doi/10.1103/PhysRevB.69.224504},
  publisher = {American Physical Society},
  pages = {224504},
  volume = {69}
}


@manual{brevetFermon,
  edition = {BD1714, N$^\circ$ de dépôt EN : 06 52599 du 22/06/2006},
  numpages = {},
  month = {Jun},
  doi = {},
  issue = {},
  author = {Fermon, C. and Pannetier-Lec\oe ur, M. and Scola, J. and Jacquinot, J.-F.},
  title = {Procédé de réalisation de mesures RMN à l'aide d'une magnétorésistance RF},
  year = {2006},
  url = {},
  publisher = {American Physical Society},
  pages = {},
  volume = {}
}